@string{jacs = "J. Am. Chem. Soc."}
@string{ss   = "Surf. Sci."}
@string{sci  = "Science"}
@string{nat  = "Nature"}
@string{jcp  = "J. Chem. Phys."}
@string{jpc  = "J. Phys. Chem."}
@string{jpca = "J. Phys. Chem. A"}
@string{jpcb = "J. Phys. Chem. B"}
@string{cpl  = "Chem. Phys. Lett."}
@string{cp   = "Chem. Phys."}
@string{cr   = "Chem. Rev."}
@string{mp   = "Mol. Phys."}
@string{zpc  = "Z. Phys. Chem."}
@string{prl  = "Phys. Rev. Lett."}
@string{prb  = "Phys. Rev. B"}

@article{PhysRevLett.110.146801,
  title = {Physical Origin of Satellites in Photoemission of Doped Graphene: An Ab Initio $GW$ Plus Cumulant Study},
  author = {Lischner, Johannes and Vigil-Fowler, Derek and Louie, Steven G.},
  journal = {Phys. Rev. Lett.},
  volume = {110},
  issue = {14},
  pages = {146801},
  numpages = {5},
  year = {2013},
  month = {Apr},
  publisher = {American Physical Society}
%  doi = {10.1103/PhysRevLett.110.146801},
%  url = {https://link.aps.org/doi/10.1103/PhysRevLett.110.146801}
}
  
@article{PhysRevB.94.035103,
  title = {On the combined use of GW approximation and cumulant expansion in the calculations of quasiparticle spectra: The paradigm of Si valence bands},
  author = {Gumhalter, Branko and Kova\ifmmode \check{c}\else \v{c}\fi{}, Vjekoslav and Caruso, Fabio and Lambert, Henry and Giustino, Feliciano},
  journal = {Phys. Rev. B},
  volume = {94},
  issue = {3},
  pages = {035103},
  numpages = {16},
  year = {2016},
  month = {Jul},
  publisher = {American Physical Society}
%  doi = {10.1103/PhysRevB.94.035103},
%  url = {https://link.aps.org/doi/10.1103/PhysRevB.94.035103}
}

@misc{marilena20,
    title={Non-linear response in the cumulant expansion for core hole photoemission},
    author={Marilena Tzavala and Joshua J. Kas and Lucia Reining and John J. Rehr},
    year={2020},
    eprint={arXiv:2005.01857},
    archivePrefix={arXiv},
    primaryClass={cond-mat.str-el}
}

@ARTICLE {NozieresDeDominicis,
    author  = "P. Nozieres and C.T. De Dominicis",
  title   = "Singularities in the X-Ray Absorption and Emission of Metals. III. One-Body Theory Exact Solution",
    journal = "Phys. Rev.",
    pages = "1097",
    year    = "1969",
    volume  = "178"
}

@article{crawford2000introduction,
  title={An introduction to coupled cluster theory for computational chemists},
  author={Crawford, T Daniel and Schaefer, Henry F},
  journal={Reviews in computational chemistry},
  volume={14},
  pages={33--136},
  year={2000},
  publisher={Wiley; 1999}
}

@book{linderberg2004propagators,
  title={Propagators in Quantum Chemistry},
  author={Linderberg, J. and {\"O}hrn, Y.},
  isbn={9780471662570},
  lccn={2003069509},
  series={Theoretical chemistry},
    year={2004},
  publisher={Wiley}
%  url={https://books.google.com/books?id=yYHLruQ0vLUC},
}

@book{szabo1996modern,
  title={Modern Quantum Chemistry: Introduction to Advanced Electronic Structure Theory},
  author={Szabo, A. and Ostlund, N.S.},
  isbn={9780486691862},
  lccn={lc96010775},
  series={Dover Books on Chemistry},
    year={1996},
  publisher={Dover Publications}
%  url={https://books.google.com/books?id=k-DcCgAAQBAJ},
}

@article{peng18_4335,
author = {Peng, Bo and Kowalski, Karol},
title = {Green's Function Coupled-Cluster Approach: Simulating Photoelectron Spectra for Realistic Molecular Systems},
journal = {J. Chem. Theory Comput.},
volume = {14},
number = {8},
pages = {4335--4352},
year = {2018},
doi = {10.1021/acs.jctc.8b00313},
note ={PMID: 29957945}
%URL = {https://doi.org/10.1021/acs.jctc.8b00313},
%eprint = {https://doi.org/10.1021/acs.jctc.8b00313}
}

@article{sonia16_149901,
author = {Coriani,Sonia  and Koch,Henrik },
title = {Erratum: "Communication: X-ray absorption spectra and core-ionization potentials within a core-valence separated coupled cluster framework" [J. Chem. Phys. 143, 181103 (2015)]},
journal = {J. Chem. Phys.},
volume = {145},
number = {14},
pages = {149901},
year = {2016}
%doi = {10.1063/1.4964714},
%URL = {https://doi.org/10.1063/1.4964714},
%eprint = {https://doi.org/10.1063/1.4964714}
}

@article{mukherjee13_2625,
author = { Sangita   Sen  and  Avijit   Shee  and  Debashis   Mukherjee },
title = {A study of the ionisation and excitation energies of core electrons using a unitary group adapted state universal approach},
journal = {Mol. Phys.},
volume = {111},
number = {16-17},
pages = {2625--2639},
year  = {2013},
publisher = {Taylor & Francis}
%doi = {10.1080/00268976.2013.802384},
%URL = {https://doi.org/10.1080/00268976.2013.802384},
%eprint = {https://doi.org/10.1080/00268976.2013.802384}
}


@article{doi:10.1021/acs.jctc.9b00172,
author = {Peng, Bo and Van Beeumen, Roel and Williams-Young, David B. and Kowals
ki, Karol and Yang, Chao},
title = {Approximate Green?~@~Ys Function Coupled Cluster Method Employing Effec
tive Dimension Reduction},
journal = {Journal of Chemical Theory and Computation},
volume = {15},
number = {5},
pages = {3185-3196},
year = {2019},
%doi = {10.1021/acs.jctc.9b00172},
note ={PMID: 30951302}
%URL = { https://doi.org/10.1021/acs.jctc.9b00172 },
%eprint = { https://doi.org/10.1021/acs.jctc.9b00172 }
}


@article{doi:10.1063/1.5046529,
author = {Peng,Bo  and Kowalski,Karol },
title = {Green?~@~Ys function coupled cluster formulations utilizing extended in
ner excitations},
journal = {The Journal of Chemical Physics},
volume = {149},
number = {21},
pages = {214102},
year = {2018}
%doi = {10.1063/1.5046529},
%URL = { https://doi.org/10.1063/1.5046529},
%eprint = { https://doi.org/10.1063/1.5046529 }
}


@INBOOK{nespf,
  author = "Gwyn P. Williams",
  title  = "X-Ray Data Booklet: Section 1.1  ELECTRON BINDING ENERGIES",
  publisher = "Lawrence Berkeley National Laboratory, Berkeley",
  year = "2009"
}

@article{doi:10.1063/1.439722,
author = {Creber,D. K.  and Tse,J. S.  and Bancroft,G. M. },
title = {Experimental and theoretical shakeup studies. III. The 1s shakeup in CH4, NH3, and H2O},
journal = {The Journal of Chemical Physics},
volume = {72},
number = {8},
pages = {4291-4299},
year = {1980}
%doi = {10.1063/1.439722},
%URL = {https://doi.org/10.1063/1.439722},
%eprint = {https://doi.org/10.1063/1.439722}
}

@article{SANKARI200651,
title = "High resolution O 1s photoelectron shake-up satellite spectrum of H2O",
journal = "Chemical Physics Letters",
volume = "422",
number = "1",
pages = "51 - 57",
year = "2006",
issn = "0009-2614",
%doi = "https://doi.org/10.1016/j.cplett.2006.02.018",
%url = "http://www.sciencedirect.com/science/article/pii/S0009261406001989",
author = "R. Sankari and M. Ehara and H. Nakatsuji and A. De Fanis and H. Aksela and S.L. Sorensen and M.N. Piancastelli and E. Kukk and K. Ueda",
}

@article{hfspf,
title = "Core-electron binding energies for gaseous atoms and molecules",
journal = "Atomic Data and Nuclear Data Tables",
volume = "31",
number = "3",
pages = "433 - 493",
year = "1984",
issn = "0092-640X",
%doi = "https://doi.org/10.1016/0092-640X(84)90011-1",
%url = "http://www.sciencedirect.com/science/article/pii/0092640X84900111",
author = "W.L. Jolly and K.D. Bomben and C.J. Eyermann",
abstract = "Core-electron binding energies for gaseous atoms and molecules, obtained mainly from x-ray photoelectron spectra, are tabulated."
}

@Article{h2ospf,
author ="Vi√±es, Francesc and Sousa, Carmen and Illas, Francesc",
title  ="On the prediction of core level binding energies in molecules{,} surfaces and solids",
journal  ="Phys. Chem. Chem. Phys.",
year  ="2018",
volume  ="20",
issue  ="13",
pages  ="8403-8410",
publisher  ="The Royal Society of Chemistry"
%doi  ="10.1039/C7CP08503F",
%url  ="http://dx.doi.org/10.1039/C7CP08503F"
}

@article{nh3spf,
author = {Buttersack, Tillmann and Mason, Philip E. and McMullen, Ryan S. and Martinek, Tomas and Brezina, Krystof and Hein, Dennis and Ali, Hebatallah and Kolbeck, Claudia and Schewe, Christian and Malerz, Sebastian and Winter, Bernd and Seidel, Robert and Marsalek, Ondrej and Jungwirth, Pavel and Bradforth, Stephen E.},
title = {Valence and Core-Level X-ray Photoelectron Spectroscopy of a Liquid Ammonia Microjet},
journal = {Journal of the American Chemical Society},
volume = {141},
number = {5},
pages = {1838-1841},
year = {2019},
%doi = {10.1021/jacs.8b10942},
note ={PMID: 30673221}
%URL = {https://doi.org/10.1021/jacs.8b10942},
%eprint = {https://doi.org/10.1021/jacs.8b10942}
}

@article{ch4spf,
author = {Karlsen, Tor and B√∏rve, Knut J. and S√¶thre, Leif J. and Wiesner, Karoline and B√§ssler, Margit and Svensson, Svante},
title = {Toward the Spectrum of Free Polyethylene:‚~@~I Linear Alkanes Studied by Carbon 1s Photoelectron Spectroscopy and Theory},
journal = {Journal of the American Chemical Society},
volume = {124},
number = {26},
pages = {7866-7873},
year = {2002},
%doi = {10.1021/ja010649j},
note ={PMID: 12083942}
%URL = {https://doi.org/10.1021/ja010649j},
%eprint = {https://doi.org/10.1021/ja010649j}
}

@INBOOK{quarteroni2002,
  author = "Alfio Quarteroni and Riccardo Sacco and Fausto Saleri",
  title  = "Numerical Mathematics",
  publisher = "Springer-Verlag Berlin Heidelberg",
  year = "2007"
}

@article{pyquante,
author = {Muller, R.},
title = {PyQuante 1.2: Python quantum chemistry},
year = {2004},
URL = {http://pyquante.sourceforge.net},
}

@article{ccpvdz,
author = {Dunning,Thom H. },
title = {Gaussian basis sets for use in correlated molecular calculations. I. The atoms boron through neon and hydrogen},
journal = {The Journal of Chemical Physics},
volume = {90},
number = {2},
pages = {1007-1023},
year = {1989}
%doi = {10.1063/1.456153},
%URL = {https://doi.org/10.1063/1.456153},
%eprint = {https://doi.org/10.1063/1.456153}
}


@article{augccpvdz,
author = {Kendall,Rick A.  and Dunning,Thom H.  and Harrison,Robert J. },
title = {Electron affinities of the first?~@~Prow atoms revisited. Systematic basis sets and wave functions},
journal = {J. Chem. Phys.},
volume = {96},
number = {9},
pages = {6796-6806},
year = {1992}
}

@INCOLLECTION{cccbdb,
  booktitle  = "NIST Computational Chemistry Comparison and Benchmark Database",
  editor     = "Johnson III, Russell D.",
  publisher  = "NIST",
  series     = "NIST Standard Reference Database Number 101",
  volume     = "Release 20",
  year       = "2019",
  url        = "http://cccbdb.nist.gov"
}

@article{PhysRevB.90.085112,
  title = {Cumulant expansion of the retarded one-electron Green function},
  author = {Kas, J. J. and Rehr, J. J. and Reining, L.},
  journal = {Phys. Rev. B},
  volume = {90},
  issue = {8},
  pages = {085112},
  numpages = {6},
  year = {2014},
  month = {Aug},
  publisher = {American Physical Society}
%  doi = {10.1103/PhysRevB.90.085112},
%  url = {https://link.aps.org/doi/10.1103/PhysRevB.90.085112}
}

@article{PhysRevLett.77.2268,
  title = {Multiple Plasmon Satellites in Na and Al Spectral Functions from Ab Initio Cumulant Expansion},
  author = {Aryasetiawan, F. and Hedin, L. and Karlsson, K.},
  journal = {Phys. Rev. Lett.},
  volume = {77},
  issue = {11},
  pages = {2268--2271},
  numpages = {0},
  year = {1996},
  month = {Sep},
  publisher = {American Physical Society}
%  doi = {10.1103/PhysRevLett.77.2268},
%  url = {https://link.aps.org/doi/10.1103/PhysRevLett.77.2268}
}

@article{PhysRevA.94.062512,
  title = {Coupled-cluster Green's function: Analysis of properties originating in the exponential parametrization of the ground-state wave function},
  author = {Peng, Bo and Kowalski, Karol},
  journal = {Phys. Rev. A},
  volume = {94},
  issue = {6},
  pages = {062512},
  numpages = {10},
  year = {2016},
  month = {Dec},
  publisher = {American Physical Society}
%  doi = {10.1103/PhysRevA.94.062512},
%  url = {https://link.aps.org/doi/10.1103/PhysRevA.94.062512}
}



%%%%%%%%%%%%%%%%%%%%%%%%%%%%%%%%%%%%%%%%%%%%%%%%%%%%%%%%%%%%%%%%%%%%%%%%%%%%%%%%%%%%%%%%%%%%%%%%%%%%%%%%%%%%%%%%%%%%%%
% Reference examples:

@ARTICLE{langenberg02,
  author  = "H. Langenberg",
  journal = nat,
  volume  = "419",
  pages   = "187",
  year    = "2002"
}

@INCOLLECTION{pierrehumbert99,
  author     = "R. T. Pierrehumbert",
  booktitle  = "Mechanisms of Global Change at Millennial Timescales",
  editor     = "P. U. Clark and R. S. Webb and L. D. Keigwin",
  publisher  = "American Geophysical Union, Washington DC",
  series     = "Geophys. Monogr. Ser.",
  volume     = "112",
  year       = "1999"
}

@BOOK{shumskii64,
  author = "P. A. Shumskii",
  title  = "Principles of Structural Glaciology",
  publisher = "Dover, New York",
  year = "1964"
}

@MISC{note1,
  note    = "It should be noted that hybrid functionals like B3LYP
             provide a reasonably accurate description of hydrogen-bonded
             systems. Regretfully, such functionals are no widely available
             for use in condensed phase systems.",
}

@INBOOK{frenkel02a,
  author = "D. Frenkel and B. Smit",
  title  = "Understanding Molecular Simulation",
  publisher = "Academic Press, San Diego",
  pages   = "292-306",
  year = "2002"
}

@PHDTHESIS{batista99b,
  author  = "E. R. Batista",
  title   = "Development of a New Water-Water Interaction Potential
             and Application to Molecular Processes in Ice",
  school  = "University of Washington",
  year    = "1999"
}

@article{Hedin99review,
  author={Lars Hedin},
  title={On correlation effects in electron spectroscopies and the {GW} approximation},
  journal={J. Phys.: Condens. Matter},
  volume={11},
  pages={R489},
  year={1999}
}

@ARTICLE {sky,
    title   = "Dynamical effects in electron spectroscopy",
    author  = "Zhou, Jianqiang and Kas, Joshua and Sponza, Lorenzo
and Reshetnyak, Igor and  Guzzo, Matteo and Giorgetti, Christine and
Gatti, Matteo and Sottile, Francesco and Rehr, John and Reining, Lucia",
    journal = "J. Chem. Phys.",
    pages = "184109",
    year    = "2015",
    volume  = "143",
    number  = "184109"
}

@ARTICLE{RVKNKP,
    title   = "Equation of motion coupled-cluster cumulant approach for intrinsic losses in x-ray spectra",
    author  = "Rehr, J.J. and  Vila, F.D. and  Kas, J.J. and 
Hirshberg, N.V. and Kowalski, K. and  Peng, B.",
    journal = "J. Chem. Phys.",
    pages = "174113",
    year    = "2020",
    volume  = "152",
    number  = "174113"
}

@article{PengKowalski2018,
  title = {{Green's} function coupled-cluster approach: simulating photoelectron spectra for realistic molecular systems},
  author = {Peng, Bo and Kowalski, Karol},
  journal = {J. Chem. Theory Comput.},
  volume = {14},
  pages = {4335-4352},
  year = {2018}
}

@article{PengKowalski2016,
  title = {Coupled-cluster {Green's} function: Analysis of properties originating in the exponential parametrization of the ground-state wave function},
  author = {Peng, Bo and Kowalski, Karol},
  journal = {Phys. Rev. A},
  volume = {94},
  issue = {6},
  pages = {062512},
  numpages = {10},
  year = {2016},
  month = {Dec}
}

@book{Bartlett2009,
 author = {Shavitt, Isaiah and Bartlett, Rodney},
 title = {Many-Body Methods in Chemistry and Physics: MBPT and Coupled-Cluster Theory},
 publisher = {Cambridge University Press},
 year = {2009}
}

@article{langreth70,
  author = {Langreth, D. C.},
  title = {Singularities in the X-Ray Spectra of Metals},
  journal = {Phys. Rev. B},
  volume = {1},
  pages = {471--477},
  year = {1970}
}



